@inproceedings{panda2024aggregate,
  title={Aggregate Peak EV Charging Demand: The Influence of Segmented Network Tariffs},
  author={Panda, Nanda Kishor and Li, Na and Tindemans, Simon H},
  booktitle={2024 IEEE Transportation Electrification Conference and Expo (ITEC)},
  pages={1--6},
  year={2024},
  organization={IEEE}
}